<?xml version="1.0" encoding="UTF-8"?><collection xmlns="http://www.loc.gov/MARC21/slim"><record><leader>00607nam--2200193-i-4500</leader><controlfield tag="001">000013688</controlfield><controlfield tag="002">20161230</controlfield><controlfield tag="005">20161230201030</controlfield><controlfield tag="008">060222s1000------------r-----000-0-eng-d</controlfield><datafield ind1=" " ind2=" " tag="040"><subfield code="a">IFIN-HH</subfield></datafield><datafield ind1=" " ind2=" " tag="080"><subfield code="a">53.01(092)</subfield></datafield><datafield ind1="1" ind2=" " tag="100"><subfield code="a">Cohen, R.S</subfield></datafield><datafield ind1="1" ind2="0" tag="245"><subfield code="a">Ernst mach: physicist and philosopher. boston studies in the philosophy of science. vol.6</subfield><subfield code="c">R.s. cohen, r.j. seeger (eds.)</subfield></datafield><datafield ind1=" " ind2=" " tag="260"><subfield code="a">Dordrecht</subfield><subfield code="b">D.Reidel Publisching Co</subfield><subfield code="c">1970</subfield></datafield><datafield ind1=" " ind2=" " tag="300"><subfield code="a">VIII+295P</subfield></datafield><datafield ind1=" " ind2=" " tag="490"><subfield code="a">Boston Studies In The Philosophy Of Science, 6</subfield></datafield><datafield ind1="1" ind2=" " tag="700"><subfield code="a">Seeger, R.J</subfield><subfield code="e">Ed</subfield></datafield><datafield ind1=" " ind2=" " tag="852"><subfield code="a">49216</subfield><subfield code="c">53</subfield></datafield><datafield ind1=" " ind2=" " tag="CAT"><subfield code="a">Sys</subfield><subfield code="c">20150331</subfield><subfield code="h">125757</subfield></datafield></record></collection>